<?xml version="1.0" encoding="UTF-8"?>
<collection xmlns:xsi="http://www.w3.org/2001/XMLSchema-instance" xsi:schemaLocation="http://www.loc.gov/MARC21/slim http://www.loc.gov/standards/marcxml/schema/MARC21slim.xsd" xmlns="http://www.loc.gov/MARC21/slim">
<record>
  <leader>00727cam a22001931  4500</leader>
  <controlfield tag="001">3073788</controlfield>
  <controlfield tag="003">NNC</controlfield>
  <controlfield tag="005">20130426015605.0</controlfield>
  <controlfield tag="008">010827m19111912ua            000 0 ara d</controlfield>
  <datafield tag="035" ind1=" " ind2=" ">
    <subfield code="a">(OCoLC)ocm47849541</subfield>
  </datafield>
  <datafield tag="035" ind1=" " ind2=" ">
    <subfield code="9">ATP6929CU</subfield>
  </datafield>
  <datafield tag="035" ind1=" " ind2=" ">
    <subfield code="a">(NNC)3073788</subfield>
  </datafield>
  <datafield tag="040" ind1=" " ind2=" ">
    <subfield code="a">ZCU</subfield>
    <subfield code="c">ZCU</subfield>
  </datafield>
  <datafield tag="099" ind1=" " ind2=" ">
    <subfield code="a">893.74</subfield>
    <subfield code="a">Sa234</subfield>
  </datafield>
  <datafield tag="100" ind1="1" ind2=" ">
    <subfield code="a">Anbābī, Muḥammad ibn Muḥammad,</subfield>
    <subfield code="d">1824 or 1825-1895 or 1896.</subfield>
  </datafield>
  <datafield tag="245" ind1="1" ind2="0">
    <subfield code="a">Taqrīr al-Shams al-Anbābī ʻalā Sharḥ Saʻd-al-Dīn al-Taftazānī li Talkhīṣ al-Miftāḥ,</subfield>
    <subfield code="b">wa Ḥashiyatuhū al-shahīrah bi al-Tajrīd fī ʻilm al-maʻānī wa-al-bayān wa-al-badīʻ.</subfield>
  </datafield>
  <datafield tag="260" ind1=" " ind2=" ">
    <subfield code="a">Miṣr,</subfield>
    <subfield code="b">Maṭbaʻat al-Saʻādah,</subfield>
    <subfield code="c">1330-31 h. [1911-12]</subfield>
  </datafield>
  <datafield tag="300" ind1=" " ind2=" ">
    <subfield code="a">4 v.</subfield>
  </datafield>
  <datafield tag="955" ind1=" " ind2=" ">
    <subfield code="b">0112418714</subfield>
    <subfield code="d">glx</subfield>
    <subfield code="e">893.74 Sa234</subfield>
    <subfield code="v">v.4</subfield>
  </datafield>
</record>
</collection>